@misc{rfc7519,
    series =    {Request for Comments},
    number =    7519,
    howpublished =  {RFC 7519},
    publisher = {RFC Editor},
    doi =       {10.17487/RFC7519},
    url =       {https://www.rfc-editor.org/info/rfc7519},
    author =    {Michael B. Jones and John Bradley and Nat Sakimura},
    title =     {{JSON Web Token (JWT)}},
    pagetotal = 30,
    year =      2015,
    month =     may,
    abstract =  {JSON Web Token (JWT) is a compact, URL-safe means of representing claims to be transferred between two parties. The claims in a JWT are encoded as a JSON object that is used as the payload of a JSON Web Signature (JWS) structure or as the plaintext of a JSON Web Encryption (JWE) structure, enabling the claims to be digitally signed or integrity protected with a Message Authentication Code (MAC) and/or encrypted.},
}
@misc{rfc2616,
    series =    {Request for Comments},
    number =    2616,
    howpublished =  {RFC 2616},
    publisher = {RFC Editor},
    doi =       {10.17487/RFC2616},
    url =       {https://www.rfc-editor.org/info/rfc2616},
    author =    {Henrik Nielsen and Jeffrey Mogul and Larry M Masinter and Roy T. Fielding and Jim Gettys and Paul J. Leach and Tim Berners-Lee},
    title =     {{Hypertext Transfer Protocol -- HTTP/1.1}},
    pagetotal = 176,
    year =      1999,
    month =     jun,
    abstract =  {HTTP has been in use by the World-Wide Web global information initiative since 1990. This specification defines the protocol referred to as "HTTP/1.1", and is an update to RFC 2068. {[}STANDARDS-TRACK{]}},
}
@misc{rest,
	author = {Fielding, Roy Thomas},
	title = { {A}rchitectural {S}tyles and the {D}esign of {N}etwork-based {S}oftware {A}rchitectures  --- ics.uci.edu},
	howpublished = {\url{https://ics.uci.edu/~fielding/pubs/dissertation/top.htm}},
	year = {},
	note = {[Accessed 07-02-2025]},
}